 PCT123405428090615DEMOBON                                                                              1$05428  E      
 100000001      090615090615270200000000010000+0542811101000000123456                      T1234                 1     E
 160000001IT60X0542811101000000123456                                                                                   
 170000001IT30T0350011200000000001232                                                                                   
 200000001A.b.c. S.p.A                  Via Biancoverde, 60           Milano                        01234567897         
 300000001Rossi Carlo                                                                                                   
 400000001Via Col Vento, 7              90111Milano MI                                                                  
 500000001                  27020                                                                                       
 700000001                                                                                                              
 100000002      090615090615270200000000020000+0542811101000000123456                      T1234                 1     E
 160000002IT60X0542811101000000123456                                                                                   
 170000002IT30T0350011200000000001233                                                                                   
 200000002A.b.c. S.p.A                  Via Biancoverde, 60           Milano                        01234567897         
 300000002Verdi Mario                                                                                                   
 400000002Via Garibaldi, 8              90112Firenze Fi                                                                 
 500000002                  27020                                                                                       
 700000002                                                                                                              
 100000003      090615090615270200000000030000+0542811101000000123456                      T1234                 1     E
 160000003IT60X0542811101000000123456                                                                                   
 170000003IT30T0350011200000000001234                                                                                   
 200000003A.b.c. S.p.A                  Via Biancoverde, 60           Milano                        01234567897         
 300000003Bianchi Alberto                                                                                               
 400000003Via Frosinone, 11             90113Torino To                                                                  
 500000003                  27020                                                                                       
 700000003                                                                                                              
 EFT123405428090615DEMOBON                   00000030000000000000000000000000600000000026                        E000000
